%%%%%%%%%%%%%%%%
% Network science
%%%%%%%%%%%%%%%%

@article{Braun2010,
author = {Donald A. French and Zeynep Teymuroglu and Timothy J. Lewis and Richard J. Braun},
title = {An Integro-Differential Equation Model for the Spread of Alcohol Abuse},
volume = {22},
journal = {Journal of Integral Equations and Applications},
number = {3},
publisher = {Rocky Mountain Mathematics Consortium},
pages = {443 - 464},
keywords = {Spread of alcohol abuse or integral equations},
year = {2010},
doi = {10.1216/JIE-2010-22-3-443},
URL = {https://doi.org/10.1216/JIE-2010-22-3-443}
}

@article{Braun2006,
author = {Braun, Richard J. and Wilson, Robert A. and Pelesko, John A. and Buchanan, J. Robert and Gleeson, James P.},
title = {Applications of Small-World Network Theory in Alcohol Epidemiology},
journal = {Journal of Studies on Alcohol},
volume = {67},
number = {4},
pages = {591-599},
year = {2006},
doi = {10.15288/jsa.2006.67.591}
}

%%%%%%%%%
% Reviews
%%%%%%%%%
@article{Mcgill2020,
author = {Mcgill, Elizabeth and Petticrew, Mark and Marks, Dalya and McGrath, Michael and Rinaldi, Chiara and Egan, Matt},
year = {2020},
month = {11},
pages = {},
title = {Applying a complex systems perspective to alcohol consumption and the prevention of alcohol‐related harms in the 21 st century: a scoping review},
journal = {Addiction},
doi = {10.1111/add.15341}
}

@article{Teel2014,
title = {Stability analysis for stochastic hybrid systems: A survey},
journal = {Automatica},
volume = {50},
number = {10},
pages = {2435-2456},
year = {2014},
issn = {0005-1098},
doi = {https://doi.org/10.1016/j.automatica.2014.08.006},
url = {https://www.sciencedirect.com/science/article/pii/S0005109814003070},
author = {Andrew R. Teel and Anantharaman Subbaraman and Antonino Sferlazza},
keywords = {Stochastic hybrid systems, Stochastic switched systems, Stochastic differential equations, Switching diffusions, Markov chains, Stochastic stability, Lyapunov functions, Converse theorems, Robustness}
}

%%%%%%%%%%%%%%%%%
% Agent Based Models
%%%%%%%%%%%%%%%%%

% Austrailian agent based
@article{Atkinson2017,
author = {Atkinson, Jo-An and Knowles, Dylan and Wiggers, John and Livingston, Michael and Room, Robin and Prodan, Ante and McDonnell, Geoff and O’Donnell, Eloise and Jones, Sandra and Haber, Paul and Muscatello, David and Ezard, Nadine and Phung, Nghi and Freebairn, Louise and Indig, Devon and Rychetnik, Lucie and Ananthapavan, Jaithri and Wutzke, Sonia},
year = {2017},
month = {10},
title = {Harnessing advances in computer simulation to inform policy and planning to reduce alcohol-related harms},
volume = {63},
journal = {International Journal of Public Health},
doi = {10.1007/s00038-017-1041-y}
}

% Used student drinking data
@article{Garrison2009,
author = {Garrison, Laura A. and Babcock, David S.},
title = {Alcohol consumption among college students: An agent-based computational simulation},
journal = {Complexity},
volume = {14},
number = {6},
pages = {35-44},
keywords = {artificial societies, agent-based modeling, college drinking, simulated societies},
doi = {https://doi.org/10.1002/cplx.20259},
url = {https://onlinelibrary.wiley.com/doi/abs/10.1002/cplx.20259},
eprint = {https://onlinelibrary.wiley.com/doi/pdf/10.1002/cplx.20259},
year = {2009}
}

%%%%%%%%%%%%
% Drinking Event
%%%%%%%%%%%%

% Monkey drinking
@article{Moore2019,
AUTHOR={Moore, Sharon and Radunskaya, Ami and Zollinger, Elizabeth and Grant, Kathleen A. and Gonzales, Steven and Baker, Erich J.},   
TITLE={Time for a Drink? A Mathematical Model of Non-human Primate Alcohol Consumption},      
JOURNAL={Frontiers in Applied Mathematics and Statistics},      
VOLUME={5},      
PAGES={6},     
YEAR={2019},      
URL={https://www.frontiersin.org/article/10.3389/fams.2019.00006},       
DOI={10.3389/fams.2019.00006},      
ISSN={2297-4687}

% Systems level drinking event
@article{Clapp2018,
author = {Clapp, John and Madden, Danielle and Gonzalez Villasanti, Hugo and Giraldo, Luis and Passino, Kevin and Reed, Mark and Puentes, Isabel},
year = {2018},
month = {01},
pages = {},
title = {A System Dynamic Model of Drinking Events: Multi-Level Ecological Approach},
volume = {35},
journal = {Systems Research and Behavioral Science},
doi = {10.1002/sres.2478}
}


}
